<?xml version="1.0" encoding="UTF-8"?><collection xmlns="http://www.loc.gov/MARC21/slim"><record><leader>00465nam--2200181-i-4500</leader><controlfield tag="001">000030120</controlfield><controlfield tag="002">20161230</controlfield><controlfield tag="005">20170128194337</controlfield><controlfield tag="008">060222s1000------------r-----000-0-eng-d</controlfield><datafield ind1=" " ind2=" " tag="080"><subfield code="a">51</subfield></datafield><datafield ind1=" " ind2=" " tag="100"><subfield code="a">Lattes, Robert</subfield></datafield><datafield ind1=" " ind2=" " tag="245"><subfield code="a">Methode de quasi-reversibilite et applications</subfield></datafield><datafield ind1=" " ind2=" " tag="260"><subfield code="a">Paris</subfield><subfield code="b">Dunod</subfield><subfield code="c">1967</subfield></datafield><datafield ind1=" " ind2=" " tag="300"><subfield code="a">XII + 368 p</subfield></datafield><datafield ind1=" " ind2=" " tag="490"><subfield code="a">Travaux Et Recherches Mathematiques</subfield></datafield><datafield ind1=" " ind2=" " tag="700"><subfield code="a">Lions, J. L</subfield></datafield><datafield ind1=" " ind2=" " tag="852"><subfield code="a">13953</subfield></datafield><datafield ind1=" " ind2=" " tag="CAT"><subfield code="a">SYS</subfield><subfield code="c">20170128</subfield><subfield code="h">194337</subfield></datafield></record></collection>